@MISC{WEBSITE:knapsackDef,
	HOWPUBLISHED = "\url{http://www.csc.kth.se/utbildning/kth/kurser/DD2352/algokomp13/Forelasningar/F14.pdf}",
	TITLE = "The Knapsack Problem",
	NOTE = "Accessed on 2019-10-28"
}

@MISC{WEBSITE:dynamicKnapsack,
	HOWPUBLISHED = "\url{https://moodle-vyuka.cvut.cz/mod/page/view.php?id=48334}",
	TITLE = "Moodle",
	NOTE = "Accessed on 2019-10-28"
}

@MISC{WEBSITE:dataGen,
	HOWPUBLISHED = "\url{https://moodle-vyuka.cvut.cz/mod/page/view.php?id=48353}",
	TITLE = "Data generator",
	NOTE = "Accessed on 2019-11-22"
}
