@MISC{WEBSITE:knapsackDef,
	HOWPUBLISHED = "\url{http://www.csc.kth.se/utbildning/kth/kurser/DD2352/algokomp13/Forelasningar/F14.pdf}",
	TITLE = "The Knapsack Problem",
	NOTE = "Accessed on 2019-10-08"
}